@article{giovanelli2023,
  title =	 {Appearance and reality: Einstein and the early
                  debate on the reality of length contraction},
  author =	 {Giovanelli, Marco},
  journal =	 {European Journal for Philosophy of Science},
  volume =	 13,
  number =	 4,
  pages =	 52,
  year =	 2023,
  publisher =	 {Springer},
  doi =		 {10.1007/s13194-023-00555-4}
}

@book{holst,
author = {Helge Holst},
title = {Vort Fysiske Verdensbillede og Einsteins Relativitetsteori},
publisher = {Gyldendal},
year = 1918}

@book{meyerson,
  author =	 {Emile Meyerson},
  title =	 {The Relativistic Deduction: Epistemological
                  Implications of the Theory of Relativity},
  publisher =	 {Springer},
  year =	 1985,
  doi =		 {10.1007/978-94-009-5211-9}
}

@incollection{russo2023,
  title =	 {A Machian Interpretation of the Theory of
                  Relativity? Joseph Petzoldt’s Reading of Einstein},
  author =	 {Russo Krauss, Chiara},
  booktitle =	 {Philosophers and Einstein's Relativity: The Early
                  Philosophical Reception of the Relativistic
                  Revolution},
  pages =	 {35--65},
  year =	 2023,
  publisher =	 {Springer}
}

@article{epstein2018,
  title =	 {Shape perception in a relativistic universe},
  author =	 {Epstein, Peter Fisher},
  journal =	 {Mind},
  volume =	 127,
  number =	 506,
  pages =	 {339--379},
  year =	 2018,
  publisher =	 {Oxford University Press}
}

@incollection{neuber2023,
  title =	 {Special Relativity from the Viewpoint of RW Sellars’
                  The Philosophy of Physical Realism},
  author =	 {Neuber, Matthias},
  booktitle =	 {Philosophers and Einstein's Relativity: The Early
                  Philosophical Reception of the Relativistic
                  Revolution},
  pages =	 {183--200},
  year =	 2023,
  publisher =	 {Springer}
}